2675 4534
591 239 840 314 *¹16⁸*

172 441 356 528 explicandis
383 457 414 508 et
443 447 645 510 diiudicandis
673 459 825 512 versatur.
867 448 955 521 Hauc
983 459 1109 532 operam
1139 471 1158 512 a
1188 450 1296 514 τοο-ν

170 564 272 646 pondis
292 575 323 624 et
335 559 339 569 ’
351 566 484 646 antiquis
505 564 714 648 phdosophis,
745 567 953 650 Xenophane,
973 567 1150 646 Heraclito,
1173 569 1260 630 Ana·

171 701 301 764 xagora,
323 681 500 746 Metrodoro
522 683 553 742 in
575 683 701 744 Homeri
723 695 754 746 et
773 681 907 746 aliorum
923 684 1107 746 carminibus
1124 660 1260 748 colloca·

95 887 99 892 1
171 808 236 860 tam
265 809 335 880 post
367 796 517 860 Woliium
532 797 560 878 *J
595 799 744 881 explicare
772 803 1040 883 neque‘animum
1065 800 1259 904 induximps,

171 934 272 996 neque
297 914 323 974 si
340 925 442 974 actum
464 935 552 995 agere
572 913 728 988 libuisset,
751 913 844 976 huius
864 913 924 976 loci
945 917 1033 979 foret.
1075 916 1148 977 Illud
1162 917 1258 978 nobis

165 1027 380 1112 ¹quaerendum
395 1041 457 1110 est,
479 1039 627 1110 quantum
640 1027 819 1110 pervulgata
835 1033 994 1111 poitarum
1015 1034 1105 1096 lectio
1118 1041 1146 1095 'ct
1165 1033 1255 1096 audi-

165 1147 217 1220 tio
244 1145 284 1210 ad
312 1146 449 1242 linguam
481 1143 650 1204 accuratius
681 1143 906 1210 observandam
930 1147 1121 1210 conduxerit.
1154 1148 1253 1210 Facile

171 1266 267 1348 igitur
282 1273 436 1346 apparet,
466 1280 562 1342 quum
594 1281 700 1320 omues
727 1258 867 1341 deinceps
888 1262 1035 1322 Graeciae
1058 1264 1187 1347 populi,
1207 1265 1261 1347 qui

168 1400 272 1462 'quum
291 1378 427 1439 moribus
457 1384 488 1434 et
503 1375 669 1453 institutis,
700 1361 768 1443 tum
789 1374 912 1458 linguae
938 1376 1073 1438 dialectis
1095 1379 1266 1461 plurimum

172 1497 254 1558 inter
279 1517 310 1556 sc
338 1490 509 1570 distabant,
546 1493 608 1552 suis
631 1491 798 1574 gauderent
832 1493 953 1556 vatibus
984 1494 1099 1578 suoque
1129 1499 1275 1578 po'e'tioae-

121 1607 125 1616 “
174 1631 306 1694 genere,
333 1606 501 1667 alienorum
530 1610 689 1688 poetarum
726 1605 886 1670 lectionem
907 1631 970 1670 non
997 1613 1062 1670 sine
1089 1613 1268 1694 ignotorum

173 1727 339 1791 verborum
378 1723 576 1807 explicatione
608 1735 637 1786 et
661 1726 872 1786 dissidentium
901 1729 1070 1788 formamm
1105 1747 1268 1812 comparai-

172 1845 257 1904 tione
278 1841 396 1900 institui
416 1840 559 1921 potuisse.
602 1841 741 1902 Primum
758 1841 816 1918 hoc
833 1844 866 1903 in
889 1843 1023 1906 Homero
1045 1844 1160 1905 factum
1182 1865 1269 1926 esse,

175 1961 262 2022 cuius
291 1957 411 2018 dicendi
433 1977 527 2037 genus
556 1955 640 2016 haud
661 1943 754 2016 dubie
775 1959 836 2015 iam
862 1979 918 2038 per
944 1969 1061 2020 sextum
1082 1944 1154 2020 ante
1175 1960 1272 2022 Chri-

174 2087 257 2138 stum
282 2063 435 2135 saeoulum
460 2094 520 2134 uon
547 2071 682 2155 'amplius
705 2075 738 2134 in
773 2072 836 2134 ulla
871 2075 1015 2136 Graeciae
1043 2075 1189 2158 partein
1209 2073 1270 2138 ho'·

175 2193 294 2254 minum
325 2171 429 2250 oitbus
462 2188 603 2271 vigebat,
631 2211 727 2282 quum
761 2211 815 2272 per
843 2208 881 2250 'se
911 2190 1081 2252 credibile'
1094 2203 1162 2267 est,
1201 2205 1269 2256 tum

176 2310 265 2368 certis
288 2307 466 2369 testimoniis
489 2297 640 2368 firmatur.
684 2307 763 2366 Nam
785 2310 866 2369 inter
888 2298 1057 2370 Democriti
1080 2309 1268 2389 Abderitae,

176 2422 303 2485 illustris
330 2420 502 2505 philosophi
531 2426 642 2505 scripta
668 2445 687 2482 a
710 2424 848 2505 Diogene
871 2424 993 2483 Laertio
1013 2422 1036 2484 l.
1061 2425 1116 2485 IX.
1137 2449 1169 2508 p.
1191 2426 1268 2511 249.

176 2540 227 2602 ed.
249 2541 334 2599 Men.
356 2537 435 2622 liber
463 2535 539 2618 napi
553 2533 691 2618 Ὁμήρου
711 2526 790 2618 ἢ**)
821 2527 1003 2619 ὀρθοεπείης
1029 2533 1086 2599 κατ’
1103 2542 1273 2619 γλωσσέων

174 2667 360 2718 recensetur.
385 2653 426 2712 Et
440 2651 520 2714 haec
534 2653 657 2735 quidem
676 2663 740 2712 tam
757 2655 858 2715 eximii
876 2656 936 2715 viri
954 2655 1133 2718 Homericae
1146 2655 1272 2738 linguae

164 2756 251 2831 xtarra
270 2773 303 2830 in
317 2771 423 2852 primis
443 2767 533 2842 huius
555 2769 647 2830 studii
669 2770 763 2830 initiis
776 2770 922 2852 ponenda*
937 2793 999 2832 esse
1011 2772 1143 2842 videtur.
1184 2773 1276 2837 Idem

123 2939 125 2950 .
173 2899 327 2970 quantum
351 2885 523 2970 diligentiae
541 2886 573 2944 in
596 2897 739 2946 accurata
759 2886 896 2963 omnium
918 2892 1076 2969 podtarum
1091 2891 1276 2960 tractatione

177 3005 378 3086 impenderit,
407 3004 499 3062 etiam
525 3022 560 3061 ex
588 2999 655 3063 aliis
678 3003 743 3062 eius
771 3005 889 3084 scriptis
911 3005 1111 3088 colligimus,
1138 3021 1276 3089 quorum

176 3121 282 3190 titulos
300 3122 450 3204 Diogenes
472 3120 627 3182 servavit:
659 3117 737 3210 μερί
756 3111 888 3200 ῥυθμῶν
909 3118 965 3182 κατ’
993 3118 1163 3204 ἁρμονίης,
1182 3122 1278 3206 ,περὶ

95 3243 102 3318 ζ
177 3234 345 3319 ποιήσεως,
368 3237 442 3319 περί
455 3231 647 3320 καλλοσύνης
661 3233 782 3313 ἐπέων,
800 3230 875 3315 περὶ
894 3227 1045 3318 εὐφώνων
1066 3238 1123 3299 καί
1141 3237 1276 3324 δυσφώ-

177 3377 239 3418 νων
259 3345 452 3438 γραμμάτων
484 3355 544 3434 (sic
562 3346 762 3415 scribendum
782 3374 852 3414 cum
875 3352 944 3412 cod.
967 3354 1044 3435 Reg.
1067 3359 1277 3442 proyulg'ato

178 3463 406 3554 πραγμάτων),
429 3471 503 3552 περὶ
515 3463 625 3551 ἀοιδῆς
632 3517 642 3546 ,
663 3469 740 3550 περὶ
752 3461 922 3550 ῥημάτων,
946 3464 1166 3546 ὅνομαοτικόν.
1187 3475 1273 3536 Haec

177 3579 281 3648 omnia
312 3609 409 3670 quum
433 3591 581 3670 insignem
610 3586 777 3648 Democriti
802 3584 973 3646 litterarum
1001 3607 1137 3650 amorem
1169 3601 1276 3656 osten·

212 3830 244 3900 *)¹
273 3827 305 3879 V.
325 3827 441 3893 Prolcgg.
463 3841 521 3894 pag.
537 3823 625 3877 ctx1.
645 3842 721 3896 seqq.
1130 3892 1133 3900 ⁴

196 3933 231 4004 ο.)
260 3929 395 3984 Particula
414 3923 430 3992 ἢ
447 3925 565 3980 delenda
582 3925 705 3994 vitietur,
726 3934 773 3980 aut
788 3942 841 4000 pro
861 3944 894 3997 ea
911 3924 1117 4012 rescribendum
1134 3932 1224 4004 ³²0⁴·
1267 3951 1274 3960 ,

669 4144 675 4159 ’
737 4179 751 4216 o
