2675 4534
482 311 735 390 ..σμ-

25 522 158 584 tionem
185 521 315 585 redacta
334 533 397 603 est,
419 517 472 584 aut
497 523 641 607 pauciora
660 522 753 586 huius
773 522 998 587 observationis
1016 525 1143 608 vestigia
1195 554 1199 560 ’

26 641 135 716 nobis
162 649 296 701 restant.
351 639 491 700 Primum
520 642 658 724 tempons
693 641 868 702 discrimina
902 640 1081 724 iampridem
1107 642 1143 701 in
1195 683 1198 687 J

30 759 138 820 variis
161 757 333 820 verborum
350 756 455 817 formis
475 755 750 839 dignoscebantur,
778 757 831 820 sed
848 759 969 818 nonnisi
989 755 1147 818 eommml

33 875 196 954 temporis
229 871 378 954 divisione
396 869 645 932 includebantur.
689 872 739 933 Sic
772 871 862 933 Plato
894 872 990 954 Soph.
1012 892 1045 954 p.
1069 869 1145 932 262.

37 986 87 1047 St.
113 1008 204 1070 227,
231 989 278 1048 13.
304 986 468 1048 verborum
488 973 626 1068 tempora
647 985 809 1048 definiendi
829 959 1003 1060 insultatoria
1022 988 1055 1062 in
1073 987 1146 1046 uni-

38 1123 176 1165 versum
196 1101 278 1162 bene
297 1091 456 1164 describit:
492 1101 586 1184 δηλοῖ
601 1091 662 1184 ἤδη
683 1121 744 1163 πον
764 1099 835 1164 τότε
855 1103 898 1186 (h.
918 1124 947 1164 e.
970 1105 997 1165 si
1015 1103 1148 1178 verbnm

39 1221 171 1279 nomini
195 1219 362 1300 subiicitur)
382 1214 539 1301 περὶτῶν
560 1205 698 1302 dmoni)
725 1220 914 1302 γιγνομὲνων
929 1208 954 1302 ἢ
977 1213 1150 1300 ycyoso'm

44 1323 68 1416 ἢ
101 1328 301 1412 adiicietur:
335 1337 366 1397 in
398 1335 510 1420 quibus
542 1337 643 1398 nescio
677 1357 719 1397 an
733 1330 776 1407 sci
803 1326 972 1417 γιγνόμενα
997 1346 1147 1418 tanquam

47 1453 240 1512 narrationis
261 1464 472 1536 argumentum
487 1453 526 1512 ad
545 1454 711 1529 aoristum,
732 1455 891 1536 proprium
903 1451 1050 1514 historiae
1065 1462 1148 1512 tem·

46 1589 128 1650 pus,
151 1569 313 1633 referenda
334 1571 406 1630 sint.
448 1569 558 1650 Neque
580 1589 654 1632 sane
674 1568 754 1650 apud
767 1567 960 1630 Aristotelem
971 1579 1147 1650 temporum

44 1685 205 1748 rationem
228 1688 324 1768 magis
344 1685 521 1768 explicatam
541 1685 731 1746 invenimus:
752 1704 825 1744 nam
844 1683 933 1746 Poc't.
955 1705 983 1745 c.
1006 1704 1058 1745 ao.
1079 1683 1147 1744 due

46 1809 174 1860 tantum
189 1777 284 1862 'verbi
304 1811 441 1882 tempora
462 1810 759 1875 commemorantur,
781 1819 924 1882 praesens
947 1811 978 1861 et
996 1800 1156 1882 praetexi«,

52 1923 140 1997 tum,
161 1909 178 1976 ὅ
202 1910 315 1999 παρών
333 1911 449 1998 χρόνος
471 1909 562 1976 καὶὸ
584 1907 834 1996 παρεληλυθώς,
855 1935 988 2000 quorum
1009 1913 1146 2007 exempla

50 2035 221 2112 praemissa
241 2043 339 2094 erant.
383 2033 420 2092 ln
442 2019 522 2092 libro
543 2031 847 2114 delnterpretaticne
864 2052 1005 2116 praesens
1022 2043 1149 2115 tempus
1196 2044 1200 2060 '

49 2147 177 2230 reliquis
198 2149 342 2210 omnibus
361 2150 405 2209 ita
427 2150 574 2230 opponit,
604 2157 639 2208 ut
658 2147 734 2208 illud
754 2151 876 2230 proprie
894 2148 1024 2210 verbum
1043 2149 1144 2229 diat,-

47 2261 124 2325 haec
158 2256 265 2326 autem
294 2285 380 2325 casus
411 2265 495 2326 verbi
529 2245 661 2346 appellet
691 2276 721 2325 et
741 2248 860 2327 diversa
879 2277 1043 2348 tempora,
1063 2287 1145 2350 quae

49 2382 248 2462 exprimunt,
278 2401 342 2440 uno
357 2381 493 2440 'nomine
520 2377 582 2439 τοῦ
605 2379 696 2462 πέριξ
721 2375 838 2462 χρόνον
860 2381 1079 2464 complectatur
1097 2379 1137 2462 *).

48 2495 170 2558 Deinde
192 2517 262 2579 cap.
289 2517 337 2556 11.
356 2493 536 2578 principales
556 2493 643 2555 verbi
664 2494 777 2555 formas
798 2505 979 2557 enumerata
1010 2489 1047 2556 td
1078 2487 1145 2577 γὰρ·
1185 2488 1189 2497 ’

48 2604 132 2674 ἔστιν
151 2602 175 2696 ἢ
197 2606 288 2674 ἔσται
307 2601 328 2693 ἢ
349 2601 431 2692 ἧνῆ
459 2609 598 2692 γίγνεται
625 2599 647 2692 ἢ
677 2601 739 2671 ὅσα
768 2610 899 2674 τοιαῦτα
939 2603 1070 2696 ῥήματα
1103 2611 1142 2674 ἕνα

50 2726 112 2789 τῶν
135 2729 291 2808 κειμένων
311 2722 382 2788 ἐστὶ
400 2727 433 2788 h.
458 2749 486 2788 e.
515 2727 649 2788 eiusdem
678 2738 805 2789 naturae
834 2749 904 2788 cum
931 2729 1080 2810 praesenti
1102 2728 1143 2791 ad

49 2841 165 2906 iudicia
187 2842 416 2924 componenda3
452 2854 482 2903 et
510 2842 603 2925 paulo
635 2853 704 2925 post
728 2843 805 2905 haec
833 2846 935 2906 omnia
955 2837 1031 2916 τούς
1053 2837 1144 2920 ἐκτὸς
1230 2921 1232 2924 ⁴

49 2953 190 3040 χρόνους
214 2959 309 3037 dicit,
330 2960 363 3017 in
386 2979 448 3040 quo
468 2960 611 3037 nomine,
639 2948 676 3019 ut
693 2927 726 3020 in
746 2959 789 3044 τῷ
810 2960 901 3044 πέριξ
928 2958 1034 3045 χρόνῳ
1053 2979 1144 3043 praed

50 3063 119 3136 sens
140 3087 290 3158 tanquam
310 3073 442 3154 primum
463 3083 493 3132 et
513 3075 704 3154 potissimum
724 3086 843 3158 tempus
864 3076 1023 3157 cogitatum
1067 3076 1144 3138 Nul-

49 3186 116 3249 lum
138 3201 242 3251 autem
263 3189 421 3248 nominum
436 3193 580 3266 corum,
617 3190 728 3273 quibus
756 3192 952 3273 grammatica
983 3190 1075 3253 hodie
1104 3192 1147 3256 ad
1207 3245 1215 3264 ,
1243 3176 1248 3181 ’

49 3308 137 3367 varia
164 3318 303 3388 tempora
333 3281 494 3366 indicanda
520 3306 639 3384 utitur,
667 3306 749 3388 apud
776 3306 971 3368 Aristotelem
991 3317 1141 3390 apparet,

50 3433 175 3501 praeter
195 3417 339 3505 simplicia
359 3421 443 3482 sillae
471 3413 621 3503 ὃπάριὸν
647 3431 679 3483 et
708 3415 727 3482 d
755 3417 986 3505 παρεληλυθώς
1018 3415 1140 3507 χρόνος.

51 3638 358 3660 ῦ--ιι-μᾳ-ι-ι--ο

86 3787 112 3862 *l
147 3790 212 3861 Cap.
231 3793 255 3847 3.
274 3787 306 3846 τὸ
326 3789 441 3872 ὑγιανεῖ
457 3795 507 3849 καὶ
524 3793 643 3867 ὖχίανεν
661 3791 698 3847 on’
716 3791 794 3867 ρῆμα
811 3787 885 3850 ἀλλὰ
905 3786 1033 3852 mactus
1046 3789 1139 3866 ῥήμα-

69 3881 72 3888 ‘
157 3907 218 3950 sos·
243 3892 376 3966 διαφέρει
400 3893 431 3950 δὲ
455 3897 507 3949 τοῦ
535 3893 682 3966 ῥήματος,
718 3892 764 3949 ὅτι
793 3886 826 3952 τὸ
851 3895 908 3971 μὲν
930 3884 983 3955 τὸν
1008 3894 1139 3971 πρόκα

162 3999 372 4070 προσημαίνει
387 3996 513 4071 χρόνον,
528 3992 563 4050 τὰ
582 3996 614 4052 a
631 3987 685 4055 τὸν
701 3999 792 4066 πέριξ
