2675 4534
519 243 765 322 ³25..

94 443 225 550 gei-enm
248 436 381 541 denique
402 433 448 537 ut
468 451 609 520 omnibus
627 469 756 521 naturae
773 458 864 559 donis
879 425 959 520 licto
974 459 1080 520 animo
1092 434 1197 542 potins
1289 505 1293 511 -

95 579 294 655 fiue'rentur,
315 593 413 658 quam
431 575 562 657 origines
590 589 697 639 eorum
717 575 805 636 anxie
824 577 1100 658 circumspicerent.
1146 573 1199 638 sie

96 696 193 780 igitur
208 713 327 765 mmma
344 664 540 753 'Graecarum
550 690 677 775 virtgcnia
694 692 874 774 iampridem
896 692 1001 775 lingua
1026 713 1082 754 sua
1099 694 1198 755 maxi·

100 833 184 882 mam
197 789 328 894 operum
341 809 466 871 illorum
487 817 604 892 partem
622 809 831 885 condiderant,
845 810 956 891 quibus
969 829 1043 892 gens
1061 811 1199 893 ipsorum

98 895 143 992 in
160 940 335 991 aeternum·
350 925 682 1008 fulgebit,‚antequam
704 927 863 986 otiosiores
878 906 1021 986 ‘homines
1043 938 1075 987 et
1095 927 1200 989 mium

96 1047 183 1108 hosti
202 1044 244 1106 ad
262 1045 414 1104 internam
434 1041 527 1104 huius
547 1040 669 1123 linguae
692 1053 834 1103 naturam
853 1041 1103 1126 perscrutandam
1129 1043 1199 1104 ani·

95 1183 190 1224 mum
212 1158 405 1242 appellerent.
449 1159 557 1240 Neque
578 1157 609 1218 id
629 1158 727 1240 ipsum
754 1159 855 1220 subito
872 1169 1047 1242 susceptum
1075 1171 1107 1221 et
1125 1179 1232 1243 per·-
1248 1206 1268 1232 .,

98 1280 220 1356 fectum
253 1287 315 1356 est,
340 1272 393 1338 sed
424 1271 516 1336 etiarn
539 1277 571 1336 in
600 1275 693 1336 huius
721 1272 822 1337 studii
836 1277 932 1337 initiis
952 1277 1061 1337 Graeci
1084 1275 1199 1360 ingenii
1220 1247 1230 1258 ἦ

105 1396 276 1479 proprietas
290 1395 492 1475 cognoscitur.
527 1389 793 1470 Quemadmodum
806 1394 886 1452 enim
898 1391 1091 1474 philosophia
1099 1395 1199 1454 Grae·

97 1533 209 1574 suorum
241 1531 276 1570 ex
310 1509 458 1570 diuturna
488 1508 741 1591 contemplatione
767 1530 873 1569 rerum
902 1519 1031 1570 naturae
1051 1505 1201 1592 paulatin
1290 1560 1292 1563 .

34 1695 36 1699 ,
97 1629 140 1690 ad
166 1625 306 1688 animum
324 1626 495 1688 humanum
515 1623 757 1706 cognoscendum
772 1627 929 1706 progressa
950 1635 1015 1699 est,
1038 1629 1082 1686 sic
1106 1627 1200 1690 etiam

97 1746 225 1828 linguae
252 1743 385 1826 cognitio
407 1743 491 1824 prius
511 1745 543 1802 in
565 1753 687 1802 externa
708 1741 772 1802 eius
798 1751 885 1824 parte
907 1740 1084 1824 explicanda
1105 1763 1199 1803 cccti-

102 1873 196 1944 pata,
227 1881 294 1920 sero
323 1860 457 1941 denique
484 1858 523 1918 ad
546 1857 614 1947 illas
638 1857 716 1940 leges
738 1856 945 1920 observandas
967 1879 1113 1920 conversa
1133 1871 1201 1940 est,

80 1997 82 2000 ·
102 1985 265 2061 quaecum
278 1977 432 2060 cogitandi
449 1986 479 2035 et
494 1975 653 2036 iudicandi
673 1977 793 2037 ratione
815 1987 896 2036 arcte
916 1977 1095 2038 coniunctae
1113 1987 1199 2038 sunt.

100 2097 210 2173 Quare
231 2092 402 2154 absolutam
413 2093 627 2175 grammaticae
638 2103 735 2153 artem
753 2095 787 2153 in
805 2115 841 2154 ea
852 2094 974 2154 demum
989 2092 1202 2178 philosophiae

102 2211 264 2294 disciplina
281 2211 493 2286 inveniemus,¹
517 2211 549 2272 in
567 2200 629 2293 qua
648 2210 804 2284 dialectica
821 2233 914 2294 qnam
929 2213 1059 2272 maxime
1078 2207 1202 2274 coleba-
1246 2291 1251 2301 Ι

101 2327 213 2390 baeu:
236 2326 290 2388 sed
311 2327 489 2409 priusquam
502 2304 807 2408 'illue'procedimuq
830 2327 911 2409 apud
939 2319 1126 2410 antiquiores
1141 2347 1201 2412 po·

103 2445 255 2506 tissimum
273 2446 438 2526 scriptores
460 2447 563 2505 omnia
587 2445 713 2528 vestigia
727 2443 815 2506 nobis
832 2444 1004 2527 indaganda
1026 2467 1091 2506 esse
1112 2443 1201 2508 duxi-
1276 2522 1278 2525 ι

99 2579 194 2642 111111,
210 2581 291 2644 quae
312 2562 423 2622 sensim
440 2561 479 2620 ad
494 2559 636 2622 subtilius
656 2559 778 2643 linguae
798 2560 933 2622 studium
951 2560 1115 2625 ducebant.

100 2721 103 2728 ›
192 2677 300 2756 Quum
317 2675 407 2758 plura
423 2678 484 2737 sint
493 2725 503 2754 ,
527 2677 639 2759 quibus
660 2668 782 2759 linguae
798 2676 970 2738 observatio
986 2679 1202 2760 antiquissimis

104 2795 295 2876 temporibus
319 2793 524 2874 quitabatur,
547 2766 607 2856 tria
625 2797 814 2877 potissimum
832 2793 1031 2856 discernenda
1055 2795 1202 2860 videban-

106 2920 181 2990 tur,
206 2926 234 2972 a‘
251 2909 366 2994 quibus
387 2911 509 2970 initium
533 2913 635 2994 cepit:
664 2910 834 2993 explanatio
853 2905 999 2971 -veterum
1021 2915 1178 2994 poetarum
1189 2961 1201 2996 ‚

99 3027 277 3088 rhetoricae
317 3026 472 3102 studium,
499 3038 529 3088 et
559 3027 769 3110 philosophica
799 3027 999 3110 etymologiae
1033 3029 1203 3110 inquisitio.

103 3147 251 3224 Quarum
267 3163 372 3204 rerum
386 3155 537 3224 qnantum
549 3165 687 3226 quaeque
708 3143 748 3204 ad
761 3146 989 3226 grammaticam
996 3149 1202 3254 generandam
1263 3230 1266 3235 Ι

98 3271 140 3322 et
168 3260 419 3322 conformandam
443 3259 624 3338 contulerit,
650 3263 785 3343 primum
811 3281 1015 3342 exponemus,
1038 3273 1105 3324 tum
1137 3265 1202 3346 ipsa

102 3375 200 3438 huius
220 3378 307 3438 artis
310 3377 461 3459 principia
480 3376 740 3458 investigabimus,
761 3397 870 3458 eaque,
891 3389 1042 3459 quantum
1062 3380 1127 3440 fleri
1146 3403 1202 3462 po-

99 3493 202 3572 terit,
224 3493 372 3552 continuo
399 3511 679 3575 progressumque
706 3491 745 3551 ad
765 3489 936 3552 absolutam
956 3495 1022 3555 eius
1041 3496 1204 3578 perfectio-

97 3626 178 3670 nem
179 3627 430 3703 persequemur.

191 3724 244 3785 1.
265 3724 371 3802 Quum
391 3732 528 3782 veterum
534 3726 708 3806 ροὸῑαπιιηι
727 3723 1003 3831 interpretationem
1018 3727 1097 3789 inter
1114 3751 1203 3812 prae·

98 3841 215 3925 cipuos
235 3836 462 3942 grammaticae
471 3835 569 3897 fontes
590 3859 803 3918 numeremus,
836 3859 899 3902 non
920 3851 984 3901 tam
1002 3843 1041 3904 de
1062 3864 1097 3906 ea
1117 3858 1204 3929 parte

102 3953 202 4018 huius
224 3949 333 4016 studii
341 3952 527 4035 cogitamus,
551 3973 629 4037 qnae
650 3956 684 4016 in
704 3953 797 4016 rebus
817 3964 848 4016 et
867 3955 1021 4022 'sententiis
1034 3963 1203 4046 carminum
