2675 4534
233 259 235 269 ,
312 183 319 194 ’
410 206 438 303 Ι·
486 219 536 252 -ι
567 165 636 316 Β9
686 222 737 243 ···

31 397 180 460 racliteis
212 398 415 483 etymologiis
442 365 536 486 saepe
556 398 689 483 fecerat,
720 400 863 492 quodque
883 389 974 460 hodic
992 416 1055 460 non
1087 419 1159 489 raro
1198 408 1211 425 “

33 535 116 573 cum
138 497 289 578 veritatis
313 515 496 576 detrimento
523 516 589 576 fieri
619 508 778 595 videmus,
812 517 879 578 soni
910 504 1076 576 similitudo
1097 480 1164 576 alio

35 629 204 706 deducat,
242 653 345 716 quam
368 633 422 694 ubi
447 655 518 695 vera
538 634 711 734 principia
707 637 819 733 iacent.
860 620 909 692 De
928 636 1034 733 primis
1056 635 1162 693 autem
1197 610 1202 623 ἱ
1269 675 1283 700 ι

38 748 235 809 nominibus
266 750 345 831 quid
366 751 558 812 statuendum
579 762 679 828 esset,
709 769 775 811 ιιοιι
794 749 901 810 audaci
914 727 1023 829 aliqua
1042 739 1162 830 opinio·¹
1227 734 1230 743 ’

39 885 84 923 ne
114 867 328 946 pronuntiari
358 887 467 948 posse,
502 879 592 927 nemo
618 866 726 958 melius
755 841 902 960 sentiebat
934 884 1026 946 quam
1055 851 1163 961 Plato.
1186 844 1204 859 '

40 966 159 1041 Fuisse
184 983 349 1064 quandam
370 983 558 1066 singularum
587 951 765 1077 litterarum
781 987 844 1044 vim
865 984 898 1040 in
919 981 1082 1083 primitivis
1101 1003 1159 1042 no·

42 1099 214 1174 minibus,
258 1121 385 1182 eamque
405 1100 497 1160 haud
510 1123 580 1160 ram
602 1101 775 1182 investigari
797 1111 827 1160 et
845 1067 963 1158 ostendi
982 1120 1087 1179 posse,
1114 1094 1164 1157 sa-

47 1211 110 1272 cile
136 1217 301 1294 agnoscit:
332 1216 410 1277 nihil
431 1221 531 1278 verius
551 1226 582 1277 et
607 1217 725 1277 acutius
748 1237 812 1276 esse
831 1225 950 1296 potest,
972 1235 1065 1305 quam
1077 1206 1161 1294 quae

55 1326 96 1386 de
116 1327 262 1408 plurium
283 1301 454 1420 litterarum
467 1303 576 1392 natmd
591 1353 662 1417 pag
678 1330 740 1410 426
761 1342 790 1391 et
805 1312 882 1425 427.
906 1329 953 1390 St
975 1331 1110 1412 ιιι-95.
1104 1308 1164 1389 Β

53 1443 268 1510 disseruntur.
313 1447 373 1508 Sed
394 1448 525 1508 multum
546 1449 649 1524 abest,
673 1459 709 1508 ut
729 1469 765 1508 ex
786 1437 957 1508 litterarum
977 1417 1181 1529 proprietate

51 1561 163 1621 omnia
183 1563 288 1624 verba
311 1562 452 1645 explicari
472 1553 565 1645 posse'
578 1563 729 1644 opinetur.
772 1561 839 1622 Non
855 1564 936 1657 enim
955 1561 1067 1654 olilitus
1082 1557 1166 1639 erat,‘

52 1677 88 1736 in
110 1681 244 1764 uetustis
265 1679 359 1742 rebus
378 1679 475 1740 ‘multa
498 1680 643 1740 diuturno
664 1701 723 1738 usu
742 1679 784 1739 ita
805 1679 895 1738 atteri
915 1689 945 1739 ct
972 1671 1184 1754 oblitterari,
1194 1685 1217 1709 ”

57 1803 96 1852 ut
116 1795 237 1875 primae
258 1797 376 1857 formae
396 1818 459 1857 non
479 1791 610 1878 amplius
632 1796 772 1877 cognosci
778 1766 926 1877 possint,
924 1787 1046 1855 multa
1067 1784 1166 1854 aliun-¹

60 1907 100 1968 de
123 1909 210 1972 illata
235 1934 321 1993 esse,
355 1897 486 1995 quorurh
514 1912 611 1973 fontes
639 1927 730 1972 nemo
754 1915 927 2003 coniectura
939 1905 1164 1995 indagar‘eva‘-

60 2022 142 2104 leat,
172 2031 278 2092 multa
305 2030 434 2114 denique
455 2040 537 2090 extra
565 2049 669 2120 omnes
690 2028 836 2089 historiae
851 2041 887 2090 et
909 2005 1196 2127 ἀίνῖιιιῐιιιιίεῐῖὶ,
1185 2114 1188 2122 1
1224 2039 1247 2058 ”

62 2132 117 2200 ries
131 2148 242 2245 pesita
264 2165 349 2225 esse,
384 2167 462 2228 qua
489 2166 559 2244 cum
583 2141 649 2227 ipsa
671 2144 806 2204 humani
829 2147 946 2242 generis
966 2145 1082 2262 origine
1101 2140 1196 2221 teni,

67 2267 150 2316 arcte
177 2241 389 2338 cohaereant,
424 2270 460 2320 ut
489 2281 525 2320 ea
553 2261 736 2346 investigare
752 2281 866 2354 prope
886 2246 983 2320 nefas
998 2263 1048 2320 sit.
1059 2255 1166 2320 Tria

26 2423 27 2454 3
66 2369 160 2454 haec,
185 2373 270 2460 quae'
278 2367 449 2458 perfectae
469 2346 673 2460 etymologiae
700 2374 887 2468 disciplinae
894 2367 1016 2438 ohstant
1037 2388 1066 2437 et
1085 2377 1166 2437 sem-'-

64 2509 118 2568 per
145 2494 345 2568 obstabunt,
368 2495 472 2582 paucis
499 2493 600 2554 verbis
620 2515 638 2552 a
658 2489 808 2585 Ρίιμοιιε
801 2504 838 2554 et
858 2488 908 2553 ita‘
921 2490 1054 2574 exposita
1074 2487 1165 2570 sunt,

66 2617 101 2665 ut
121 2609 262 2672 dubitari
283 2610 398 2691 possit,
431 2631 471 2668 an
493 2610 563 2669 satis
584 2630 691 2690 graues
717 2607 780 2690 ipse
799 2608 854 2669 has
876 2607 1067 2695 difficultates
1086 2608 1167 2668 iudi·

67 2731 215 2790 caverit.
241 2727 403 2820 Comparat
425 2727 507 2787 enim
525 2746 696 2830 regressum
717 2726 756 2785 ad
775 2722 888 2786 Deum
897 2725 1023 2818 humani
1046 2721 1163 2806 generis

67 2851 226 2905 auctorem
248 2853 279 2902 et
295 2839 437 2922 linguae
425 2843 630 2902 inventorem
652 2836 722 2900 cum
724 2842 924 2923 tragicorum
941 2808 1087 2920 aitificih,
1109 2843 1167 2925 qut
1234 2867 1239 2878 ¹

26 3031 27 3034 Ἴ
67 2954 153 3017 deo
144 2983 180 3024 m
204 2979 327 3020 scenam
347 2955 497 3037 producto
517 2955 634 3018 nodum
655 2931 780 3016 tabulae
791 2936 983 3036 rescindant,
1010 2969 1051 3017 et
1063 2979 1170 3020 omnes
1203 2940 1234 2985 ‘l
1276 2987 1279 3001 ·

28 3049 30 3057 Β
67 3073 223 3142 eiusmodi
250 3074 438 3161 quaestionis
459 3069 675 3137 declinationes
696 3072 805 3139 callide
828 3078 967 3145 inventas
986 3097 1053 3136 esse
1074 3076 1167 3153 dicit,
1213 3079 1220 3088 '

67 3208 106 3250 ne
135 3197 207 3277 quis
236 3202 351 3254 certam
377 3193 530 3255 rationem
555 3178 683 3254 reddere
702 3202 855 3280 cogatur
884 3175 1089 3292 „Quomodo
1112 3215 1167 3253 au-

68 3316 132 3369 tem
142 3311 299 3391 ,inquit,
329 3323 397 3389 qui
388 3309 557 3401 μξιιιιῐιιιι
578 3307 709 3388 nomine
723 3306 862 3373 derivare
881 3313 1018 3390 nesciat,
1040 3319 1164 3391 cotnpo-
1252 3377 1255 3384 ¹

70 3423 128 3483 sita
154 3435 239 3490 recte
267 3415 426 3502 explanare
454 3425 589 3507 poterit,
622 3423 705 3504 quod
734 3433 834 3484 tamen
858 3429 922 3488 eius
943 3402 1077 3499 osticium
1098 3439 1162 3505 est,

28 3541 123 3616 qui
148 3539 262 3600 harum
291 3555 393 3594 rerum
421 3559 453 3598 se
473 3541 609 3620 peritum
625 3559 696 3601 esse
707 3539 885 3626 profiteatur
899 3537 966 3624 *).ἰ’
994 3535 1039 3672 tlt
1056 3540 1166 3629 Plato,

214 3703 368 3726 Μ
419 3733 422 3739 Α

260 3807 280 3872 Β·
299 3751 357 3881 4²5·
377 3805 416 3857 St
435 3809 521 3876 90,ss
558 3809 654 3862 motu
670 3811 776 3885 μὲν
739 3829 826 3929 capos
850 3804 1055 3916 φανεισΒιιι
1051 3807 1073 3879 ol
1095 3813 1158 3886 ‘EQ-

50 3850 90 4043 N
289 3903 502 3982 ‘Agrippum
508 3905 557 3964 ’ml
576 3901 773 3984 συλλᾶβαῒςιᾶ
794 3903 953 3994 ιιριὶγμαιιι
960 3902 1158 3991 μεμιμημένα
1209 3934 1219 3941 ·
