2675 4534
631 241 878 360 ,ηρ-ζ.

208 493 344 558 sessores
365 496 517 558 contraria
539 466 649 559 *caum
683 501 737 584 qui
759 499 817 559 ist‘r
833 464 969 588 ⁴fuerint,
1006 493 1071 558 dici
1093 515 1158 556 non
1171 503 1282 580 «potest,

208 616 281 696 quia
303 634 415 676 nomen
438 613 520 695 apud
545 612 746 695 Ammonium
767 617 875 677 misere
897 591 1080 697 corruptum
1098 623 1175 690 'est3
1202 611 1285 694 quales

208 728 343 808 fuerint,
371 733 584 814 praecipuum,
615 754 677 815 quo
696 731 881 812 utebantur,
902 741 1140 814 argumentum,
1163 732 1231 790 satis
1248 751 1285 790 os·

207 845 318 944 tendit.
361 847 441 908 Nam
460 869 524 931 quo
542 847 806 926 demonstrarent,
826 859 937 934 natura
952 848 1098 912 omnibus
1121 825 1287 910 rerbisrin

208 983 295 1026 snam
314 963 427 1038 inesse,
458 965 664 1050 quaerebant,
697 987 831 1050 quanam
851 964 911 1027 alia
933 967 1053 1026 ratione
1074 967 1151 1045 Dii,
1173 967 1287 1049 quibus·

209 1100 281 1142 cum
305 1079 382 1145 nihil
407 1080 495 1145 nobis
519 1081 558 1142 de
579 1079 701 1192 linguae
718 1093 841 1144 nostrae
860 1083 1077 1166 significatione
1102 1063 1287 1162 obnvenerit,

209 1217 314 1282 preces
336 1209 457 1262 nostras
478 1200 633 1298 percipere
647 1211 770 1284 possent
783 1199 822 1281 ¹⁸).

294 1313 473 1378 Aristoteles
494 1315 619 1398 quidem
631 1337 805 1400 nusquam,
828 1326 976 1400 quantum
1002 1319 1135 1394 scimus,
1157 1316 1314 1400 peculiari

209 1429 413 1516 disputatione
436 1431 474 1492 de
497 1432 639 1516 Cratylea
665 1436 840 1516 quaestione
867 1436 944 1518 egit·
981 1433 1034 1495 sed
1061 1437 1288 1518 sapientissimus

210 1548 264 1614 ille
283 1552 494 1625 Graecorum,
535 1573 616 1633 »quo
644 1573 734 1611 nemo
760 1555 861 1614 minus
884 1551 969 1613 fictas
996 1573 1146 1636 quaerere
1171 1554 1284 1635 origines

209 1643 396 1748 cupiebat«,
419 1667 500 1728 inter
520 1667 686 1728 contrarias
703 1665 824 1748 linguae
846 1665 1039 1750 explicandae
1052 1671 1277 1731 nationesneces·

210 1783 290 1846 sario
312 1803 379 1848 eam
393 1773 493 1865 magis
512 1783 688 1868 respuebat,
709 1787 837 1867 quaein
858 1787 923 1867 ipsa
938 1796 1048 1848 natura
1069 1787 1165 1848 finem
1186 1798 1213 1848 et
1226 1786 1281 1846 lon-

210 1909 273 1960 tem
297 1920 328 1960 se
353 1900 500 1961 invenisse
529 1899 732 1987 gloriabatur.
784 1881 888 1978 Qisare
913 1900 997 1962 haud
1028 1900 1208 1966 dubitanter
1233 1924 1288 1963 eam

212 2015 395 2088 condemnat
411 2027 441 2078 et
458 2016 543 2102 gravi
565 2015 678 2079 iudicio
692 2017 890 2098 pronuntiat.
913 2006 960 2077 ὅτι
981 2009 1079 2120 pv'crt
1100 2015 1166 2079 τῶν
1188 2012 1290 2097 daupi

212 2151 276 2192 των
289 2127 413 2192 οὐδέν
397 2151 494 2212 εστιν,
517 2123 615 2196 ἀλλ”
602 2150 679 2194 oran
675 2129 826 2221 γένηται
843 2123 1003 2211 σύμβολον
1014 2114 1166 2217 (deIntpr.
1157 2157 1249 2229 .cap.
1242 2138 1290 2216 a.)
1310 2098 1314 2231 l

213 2241 320 2332 Neque
339 2269 410 2309 sane
430 2249 534 2334 negari
557 2259 678 2334 potest,
699 2250 724 2310 si
743 2251 872 2309 maxime
887 2260 1014 2316 naturae
1027 2253 1091 2312 vim
1103 2254 1139 2312 in
1158 2252 1291 2336 eligendis
1313 2293 1315 2385 q

211 2365 370 2428 nominum
395 2368 475 2431 sonis
499 2364 602 2428 valere
627 2367 734 2446 dicas,
752 2365 919 2451 plurimum
946 2369 979 2429 in
1006 2368 1248 2447 conformatione
1271 2378 1315 2428 ct¹

210 2484 423 2550 terminatione
448 2481 669 2547 vocabulorum
696 2469 913 2574 constituenda·
943 2458 1058 2548 Uberae
1088 2483 1219 2549 alicuius
1248 2505 1293 2544 ro

150 2577 154 2591 ¹
212 2599 344 2678 hamati,
365 2600 428 2660 sive
451 2597 610 2680 fortuitum
634 2621 738 2663 casum
761 2600 868 2679 mallis,
890 2622 954 2667 esse
978 2604 1168 2684 permissum
1214 2599 1294 2680 Quod

106 2737 122 2814 .⁵
213 2716 271 2774 nisi
293 2725 479 2789 statuarum,
501 2714 641 2780 multain
662 2715 789 2777 diversis
809 2715 919 2818 linguis
944 2738 1007 2778 non
1029 2729 1153 2778 tantum
1176 2717 1294 2792 similia,

134 2879 139 2892 ,
214 2831 267 2892 sed
292 2831 382 2915 plane
405 2832 511 2892 eadem
535 2854 598 2894 esse
622 2844 787 2916 oporteret.
829 2833 874 2894 At
895 2856 1056 2895 consensus
1079 2832 1187 2914 illius,
1216 2853 1297 2917 quern

214 2942 383 3030 συνθήκην
400 2959 431 3010 et
455 2939 615 3027 σύμβολον
636 2949 729 3024 dixit,
761 2949 910 3014 rationem
939 2926 1127 3016 describere
1142 2970 1210 3011 non
1245 2956 1297 3008 crat

215 3059 400 3128 Aristotelis:
424 3066 563 3147 quamvis
580 3086 692 3127 nomen
709 3067 812 3148 ipsum
832 3087 940 3128 verum
966 3061 1100 3152 aliquem
1117 3077 1297 3127 conventum

216 3177 255 3244 ad
272 3168 500 3246 deliberandum
517 3181 689 3248 institutum
706 3181 841 3251 indicare
863 3181 1023 3260 videatur,
1051 3203 1148 3248 nemo
1165 3183 1209 3244 ab
1230 3184 1298 3242 eius·

207 3269 300 3356 'modi
327 3296 508 3376 cogitatione
531 3297 628 3380 magis
652 3284 861 3364 abhorrebat.¹
892 3297 974 3362 Nam
998 3299 1052 3384 qui
1080 3298 1120 3362 de
1146 3299 1300 3372 bominum

250 3591 274 3666 )
309 3591 342 3644 V.
360 3593 483 3648 Ammon.
506 3593 539 3648 Η.
559 3593 678 3652 eodL:
700 3589 793 3668 ἕτέροι
816 3590 847 3647 τὸ
870 3594 953 3648 etms
969 3595 1026 3650 τοῖν
1044 3589 1301 3666 ὄνομάτωνὲξσρί

321 3697 380 3760 ζειν
397 3695 613 3766 ἐπιχειροῦσιν,
631 3695 728 3765 ωσπερ
749 3696 765 3749 ὁ
786 3705 926 3770 neronior
944 3687 1014 3755 dotis
1026 3695 1139 3776 'untias
1158 3696 1243 3771 (sic),
1261 3681 1301 3745 nis·

321 3787 409 3869 εὐχὰς
434 3799 503 3872 ἡμῖν
528 3803 578 3853 καὶ
604 3797 655 3859 τὰς
685 3798 757 3870 criptis
785 3805 1063 3879 παραφέροντες-
1085 3804 1135 3868 τῆς
1163 3798 1300 3863 συνθήκη,
1294 3766 1315 3850 l

28 3841 484 4039 'ssfzp‘ezydvdpowr
509 3903 541 3962 δὲ
562 3893 639 3978 πρὸς
652 3901 741 4012 tenir
765 3903 832 3961 oaldi
848 3908 952 3980 μέχρις
969 3906 1106 3965 intratur
1125 3904 1302 3979 ὑφίστασθαι

28 4036 57 4085 γ(
69 4018 221 4098 νηεσιη
323 4005 488 4078 δυναμένης·
