2675 4534
606 315 663 344 .-.
713 249 859 349 78'-

192 481 321 543 meticae
338 487 489 543 structura
506 473 686 564 cognoscere
702 483 878 567 cupiamus,
912 455 1112 568 magnopere
1125 479 1301 565 ,dolendum

192 607 261 676 est,
282 597 366 680 quod
383 607 446 658 tam
467 599 573 681 exigua
597 597 636 660 de
655 621 692 663 ea
709 595 752 662 re'
763 603 872 662 notitia
889 602 976 662 nobis
996 611 1132 663 servata
1156 611 1218 661 est.
1259 601 1300 660 Ex

192 719 258 772 tota
282 715 442 772 nominum
465 723 496 774 et
518 713 683 775 verborum
710 719 890 776 tractatione
911 715 990 776 nihil
1013 727 1224 799 compertum
1250 716 1300 775 ha-

134 839 144 849 '
192 827 301 890 bemus
318 829 377 889 nisi
400 831 597 911 proprietates
617 831 783 913 quasdam,
816 823 948 914 quarum
971 837 1116 917 cognitio
1147 834 1299 915 cupidita-

192 955 256 1008 tem
274 956 409 1038 nostram
428 945 542 1007 sciendi
564 950 658 1030 magis
681 950 788 1009 excitat
816 969 908 1030 quam
935 948 1047 1031 explet.
1093 950 1147 1010 De
1174 970 1299 1009 casuum

193 1061 411 1144 significatione
439 1063 592 1146 quomodo
621 1063 714 1126 Stoici
736 1065 776 1132 ab
795 1064 958 1125 Aristotele
978 1065 1203 1141 discesserint,
1242 1068 1297 1125 iam

194 1171 434 1262 supradiximus
459 1203 490 1262 p.
510 1179 561 1244 51.
605 1183 641 1242 ln
662 1180 721 1241 hac
750 1169 870 1264 quoque
889 1181 1109 1263 disceptatione
1133 1181 1191 1242 illa
1220 1183 1295 1242 Stoi·

194 1315 303 1358 eorum
330 1293 425 1358 libido
450 1297 501 1360 uel
521 1317 603 1358 nova
637 1299 762 1357 nomina
787 1296 961 1358 inveniendi
989 1295 1040 1359 vel
1069 1309 1184 1359 vetera
1216 1317 1293 1359 novo

192 1389 284 1476 'sensu
307 1413 472 1496 accipiendi
496 1414 691 1497 conspicitur.
734 1413 794 1475 Sed
822 1413 905 1474 haud
925 1413 1017 1474 dubie
1032 1413 1093 1474 lioc
1115 1413 1190 1475 loco
1212 1437 1290 1475 erra·

193 1541 286 1610 runt,
318 1531 419 1614 quiin
441 1529 598 1612 vulgarem
617 1543 648 1592 et
670 1529 837 1612 simplicem
861 1551 926 1590 rem
946 1527 1181 1610 philosophicas
1204 1553 1285 1614 quas·

193 1643 266 1706 dam
288 1647 425 1706 notiones
443 1645 673 1722 transtulerint,
703 1656 734 1706 et
753 1646 977 1706 nominativum
1002 1665 1126 1726 quoque
1153 1647 1217 1706 ideo
1231 1667 1275 1704 ca·
1329 1676 1331 1687 ν

196 1781 270 1824 sum-
287 1781 350 1822 esse
373 1761 527 1840 dixerint,
548 1764 620 1844 quia
644 1763 689 1822 rei
716 1763 815 1843 imago
831 1731 867 1820 eir
889 1760 1071 1842 cogitatione
1089 1760 1124 1820 in
1155 1759 1275 1844 linguam
1329 1740 1330 1751 .

196 1877 362 1940 deciderit:
385 1881 516 1952 rectius,
538 1889 633 1959 puto,
656 1899 742 1938 casus
763 1877 970 1938 denominati&
989 1898 1010 1938 a
1030 1888 1151 1938 mutata
1172 1888 1202 1939 et
1220 1898 1282 1961 qua-

86 1995 89 2000 “
195 1995 221 2056 si
244 1993 373 2056 iniracta
392 1997 605 2079 terminatione
629 1993 794 2054 derivatur.

276 2110 451 2173 Plurimum
479 2123 581 2172 autem
602 2111 695 2171 Stoici
716 2113 748 2170 in
767 2111 865 2171 verbis
883 2111 998 2193 proprii
1018 2103 1164 2170 habuisse
1183 2108 1284 2172 viden·

196 2235 272 2290 tur:
297 2247 369 2288 nam
390 2228 422 2288 in
442 2213 497 2288 his
511 2221 631 2310 quoque
649 2228 775 2286 nomina
794 2224 1094 2308 circumspiciebant,
1124 2247 1208 2307 qliae
1237 2248 1283 2286 cu·

99 2353 102 2360 “
196 2344 305 2427 iusque
327 2345 472 2426 temporis
497 2345 547 2406 vel
564 2344 648 2405 modi
667 2355 809 2404 naturam
834 2365 926 2426 quam
946 2344 1170 2402 accuratissime
1193 2344 1282 2424 expri-

197 2470 328 2520 merent.
349 2499 352 2511 .
370 2459 474 2538 Quare
491 2474 643 2541 praesens
655 2469 775 2541 tempus
796 2458 921 2518 illinon
941 2467 978 2524 ut
997 2458 1188 2540 grammatici
1209 2479 1281 2540 grae

197 2574 226 2635 ci
251 2537 312 2636 τὸνι
326 2571 479 2637 ἐνεστῶτα
498 2571 615 2658 χρόνον
636 2576 797 2650 dicebant,
818 2573 871 2636 sed
890 2575 1109 2661 imperfectum,
1138 2567 1198 2634 τὸν
1218 2574 1281 2634 α’τέ·

196 2689 301 2770 tuor,
322 2691 478 2752 Prisciauo
498 2702 573 2753 teste
592 2693 681 2768 VIll,
703 2714 736 2774 p.
758 2689 831 2752 813.
858 2687 907 2751 ed.
929 2689 989 2751 P.:
1023 2689 1076 2766 eo,
1099 2689 1187 2773 quod
1200 2693 1284 2774 prior

198 2807 261 2867 eius
274 2827 367 2890 pars,
389 2831 465 2895 quae
482 2812 654 2894 praeteriit,
687 2822 835 2869 tramacta
854 2820 915 2883 est,
951 2806 1032 2866 deest
1049 2819 1150 2866 autem
1170 2828 1284 2891 sequeus

199 2922 224 2984 ἰ.
242 2943 270 2984 e.
275 2924 399 3004 sutum
441 2925 560 2986 Deinde
579 2925 791 3008 imperfectum
811 2935 971 3001 nostrum,
992 2920 1075 3003 quod
1098 2919 1184 3013 apud
1205 2943 1284 3003 grae-

152 3115 156 3129 ·
199 3057 252 3098 eos
268 3033 488 3120 παρατατικὸς
512 3036 626 3122 χρόνος
658 3039 847 3116 vocabatur,
874 3037 967 3098 Stoici
986 3036 1105 3098 τέλειον
1128 3035 1284 3098 ἐνεστῶτα

201 3152 237 3214 h.
257 3174 284 3214 e.
308 3175 449 3235 praesens
469 3154 639 3237 perfectum
659 3153 860 3236 appellabant.
886 3153 981 3212 Prisc.
996 3173 1027 3234 p.
1045 3149 1119 3230 814.
1161 3151 1284 3212 Utrum·

200 3289 260 3352 que
279 3268 362 3330 haud
385 3270 477 3333 dubie
495 3293 600 3333 veram
617 3270 739 3354 linguae
759 3269 1001 3331 observationem
1017 3268 1172 3328 eontinet:
1196 3268 1284 3327 omni

200 3407 243 3448 no
262 3387 344 3446 enim
361 3388 438 3446 ectio
458 3385 530 3464 illa,
552 3408 644 3469 quam
660 3387 809 3469 praesenti
826 3384 931 3447 nostro
950 3381 1159 3460 includimus,
1194 3403 1283 3464 quum

200 3503 330 3566 maxime
351 3503 502 3584 peragitur
526 3503 654 3585 ideoque
674 3503 850 3585 imperfecta
874 3511 937 3561 est:
960 3509 1067 3560 contra
1088 3499 1282 3580 imperfecto,

201 3642 263 3704 quo
287 3619 379 3682 modo
406 3639 463 3680 nos
482 3619 596 3702 aliquid
623 3621 771 3703 peregisse
786 3618 965 3698 indicamus,
978 3598 1084 3677 revera
1100 3624 1282 3712 praesentem

90 3785 91 3788 ,
144 3784 147 3792 .
201 3748 314 3800 statum
334 3736 552 3822 gdescribimus.
593 3737 653 3798 Sed
683 3737 938 3796 ad'communem
966 3754 1056 3794 usum
1077 3730 1158 3818 liaeo
1187 3732 1281 3806 ratio,

202 3877 282 3940 quae
306 3856 382 3919 raris
404 3865 434 3916 ct
458 3853 607 3915 inusitatis
634 3853 810 3916 nominibus
828 3851 867 3914 ad
886 3861 974 3912 notas
1004 3870 1053 3911 res
1080 3846 1281 3932 exprimendas

712 3954 721 3978 τ
