2675 4534
586 232 873 351 ”ts--v

157 469 306 572 ¹Dionysii
322 487 362 550 dc
375 491 485 570 Comp.
502 489 620 554 Verbb.
637 513 666 552 c.
684 487 732 552 16.
749 513 780 572 p.
796 489 864 573 196.
889 488 938 550 ed.
956 462 1099 549 Scbaeflr
1120 483 1159 548 τά
1182 479 1263 571 apri-
1282 481 1283 484 '

166 627 258 670 τιστα
273 605 358 686 ν’έμω
380 601 424 678 ὥς
448 601 564 692 πρώτῳ
588 604 644 670 τὸν
662 599 743 691 ὑπὲρ
763 605 971 686 ἐτυμολογίας
991 603 1151 684 εἰσάγοντα
1168 590 1261 684 λὸγαν

153 715 317 786 ’Πλάτωνι
337 723 381 808 τῷ
406 725 601 808 Σωκρατικῷ
630 723 774 808 πολλαχῇ
803 723 865 802 μὲν
885 717 943 782 καὶ
968 714 1101 798 ἆλλόθι,
1121 714 1261 800 μάλιστα

161 841 191 904 δ’
210 839 245 903 ἐν
268 839 312 926 τῷ
335 835 511 927 Κρατύλῳ.
559 840 619 903 Sed
647 840 737 924 longe
764 839 855 902 aliam
875 839 1089 923 grammaticae
1115 850 1259 900 naturam

65 965 68 973 '
161 961 308 1044 spectavit
329 958 388 1018 Dio
402 947 655 1042 chrysostomus,
684 961 737 1040 qui
760 967 837 1020 orat.
861 956 912 1018 53.
927 931 1036 1016 diserte
1055 955 1149 1036 (Ιίοἰῑς
1168 950 1260 1036 Ἀρι-ι

153 1057 324 1156 ’στοτέληῆ
365 1073 424 1158 ἀφ’
456 1061 495 1134 οὗ
521 1095 604 1157 φασι
638 1068 865 1164 τῆνχκριτικὴν
892 1093 928 1134 τε
953 1067 1010 1134 καὶ
1037 1064 1259 1154 γραμματικήν

155 1163 266 1276 'doma
287 1195 405 1274 λαβεῖν.
449 1193 564 1276 Aperte
601 1197 683 1256 enim
705 1195 755 1256 bic
781 1196 888 1256 aetatis
913 1215 985 1256 suae
1016 1192 1137 1286 dicendi
1166 1213 1257 1254 usum

152 1323 305 1406 sequutus
329 1312 554 1394 diligentiorem
579 1317 739 1394 poetarum
760 1311 1003 1394 explanationem
1030 1323 1061 1372 et
1088 1311 1257 1373 accuratius

159 1427 307 1490 iudicium
337 1428 376 1488 ab
403 1426 567 1519 Aristotele
589 1431 713 1492 initium
741 1431 856 1511 cepisse
887 1429 995 1491 voluit
1041 1427 1105 1488 Nos
1127 1425 1253 1536 autern,

158 1567 256 1634 quum
274 1545 395 1626 linguae
412 1545 553 1606 scientiae
569 1547 656 1606 initia
674 1566 856 1626 quaeramus
869 1547 966 1627 ,ipsa
991 1546 1035 1604 rei
1055 1555 1166 1604 namra
1186 1565 1253 1626 spc-

150 1623 227 1724 ¹rar'e
259 1669 362 1736 vetat,
382 1682 495 1722 nomen
523 1654 692 1723 inventoris
726 1627 854 1720 alicuius¹
883 1659 1033 1742 explorari
1059 1683 1153 1743 posse.
1191 1661 1260 1722 Vix-

95 1773 98 1782 ’
142 1779 242 1866 Δαῐιίαι
272 1775 336 1837 ulla
362 1775 422 1838 alia
451 1765 506 1838 ⁴ars
532 1799 566 1844 es
593 1789 656 1838 tam
688 1775 827 1837 obscuris
845 1778 1000 1859 principiis
1021 1789 1089 1838 orta
1111 1788 1173 1838 tam
1189 1775 1249 1838 leni
1293 1750 1296 1754 Δ

151 1871 319 1982 'progressu
336 1904 426 1954 aucta
446 1905 501 1956 est.
521 1947 524 1952 Δ
545 1893 733 1971 Quinetiam
755 1894 832 1955 illud
847 1894 979 1954 dubitari
995 1897 1106 1977 possit,
1121 1896 1251 1955 ‘cuinam

147 2013 240 2104 *genti
277 2013 410 2094 primani
438 2013 503 2072 eius
532 2009 686 2073 culturam
720 2013 926 2093 assignemus,
967 1982 1070 2088 annon
1104 1990 1191 2072 forte
1214 2033 1249 2072 ex

156 2130 285 2190 Oriente
300 2111 345 2188 ad
354 2115 485 2188 Graecos
500 2117 708 2210 antiquissima
725 2131 919 2211 grammatica
931 2129 1097 2189 transierit.
1139 2129 1251 2206 Quam·

94 2238 95 2241 ¹
151 2229 247 2330 ‘quam
270 2245 345 2306 haec
365 2244 516 2306 dubitatio
543 2267 607 2308 non
631 2245 685 2306 diu
705 2244 843 2305 obtinere
857 2256 979 2328 potest3
1001 2244 1059 2305 hoc
1082 2247 1164 2305 enim
1184 2267 1249 2306 cer·

149 2353 269 2424 ¹tissime
293 2383 350 2444 nos
390 2361 649 2423 demonstraturos
692 2384 755 2424 esse
781 2363 979 2438 confidimus,
1013 2373 1109 2422 totam
1143 2362 1249 2442 illam,

65 2559 67 2569 ,
146 2453 319 2570 ''quebodie
336 2481 455 2540 utimur
468 2479 629 2562 ,linguae
651 2483 800 2540 rationem
816 2492 846 2540 et
866 2479 1097 2562 descriptionem
1117 2502 1136 2540 a
1150 2481 1248 2542 Grae-

154 2600 198 2662 cis
232 2619 295 2660 esse
321 2599 532 2698 excogitatam,
552 2609 582 2658 et
602 2597 643 2658 ab
667 2599 774 2691 iis'dem
789 2599 937 2700 paulatim
959 2598 999 2658 ad
1022 2599 1114 2658 finem
1135 2596 1249 2680 perdu-

150 2727 251 2776 ctam·
275 2717 320 2776 ita
342 2725 378 2775 ut
400 2713 606 2776 nobilissimae
625 2716 698 2777 huic
717 2727 839 2796 terrae,
862 2739 954 2798 quam
979 2719 1107 2801 quisque
1129 2715 1248 2779 liberali

149 2835 272 2915 ingenio
306 2833 462 2916 praeditus
492 2855 556 2894 non
592 2836 658 2894 sine
687 2833 843 2916 voluptate
883 2833 1016 2915 quadam
1050 2832 1249 2895 humanitatis

148 2922 272 3010 nostrae
292 2961 420 3010 matrem
434 2959 622 3028 veneratur,
649 2952 741 3010 etiam
766 2950 846 3010 hanc
868 2950 1021 3036 bumanae
1047 2949 1248 3014 institutionis

68 3092 73 3112 ·
148 3044 269 3152 partem
290 3079 443 3150 acceptam
469 3067 643 3132 referamus.
695 3067 757 3128 Sed
783 3070 911 3150 Graecia
932 3066 1047 3141 iamdiu
1076 3079 1248 3129 ceterarum

91 3251 93 3260 ,
145 3153 261 3244 ¹artium
285 3181 375 3243 laude
389 3182 555 3261 domarat,
577 3184 756 3266 priusquam
770 3205 844 3245 usus
867 3196 898 3245 ct
919 3185 1079 3244 necessitas
1090 3179 1249 3266 adgratu-

148 3303 292 3360 maticam
319 3298 513 3384 excolendam
543 3270 709 3364 bominum,
732 3302 853 3383 ingenia
883 3301 1019 3362 adduxit.
1061 3300 1129 3361 Hoc
1158 3311 1247 3381 erat,

149 3427 185 3478 ut
207 3422 346 3477 omnium
370 3414 562 3481 iuvenilium*
579 3419 740 3499 gentium,
768 3418 810 3478 sic
839 3419 969 3478 maxime
992 3418 1184 3478 Graecorum
1197 3419 1250 3478 in.

10 3533 16 3548 '
61 3591 64 3603 ἅ
148 3531 212 3594 doli
243 3534 421 3616 proprium,
456 3543 492 3594 ut
512 3533 568 3616 ¹ad
610 3544 765 3594 externam
795 3537 949 3596 omnium·
970 3556 1074 3595 rerum
1113 3534 1249 3617 speciem

147 3654 232 3734 prius
253 3662 285 3712 et
300 3651 443 3710 attentius
469 3625 743 3736 converterentlrr,
765 3673 859 3734 quam
884 3653 1035 3712 internam
1059 3644 1166 3714 aarum
1187 3672 1248 3713 ua-

147 3773 250 3832 turam
271 3767 484 3850 explorarent3
506 3779 541 3828 ut
551 3771 734 3830 ¹universam
754 3770 851 3832 vitam
872 3773 984 3854 apertis
1001 3769 1097 3830 oculis
1118 3778 1150 3830 ct
1162 3771 1249 3833 senis

137 3884 287 3951 ‚sensibus
312 3881 546 3965 contemplatam
570 3885 673 3965 potius
699 3887 812 3968 ingenii
839 3888 887 3947 sui
913 3885 1019 3946 formis
1044 3884 1249 3970 etoperibus

148 3999 329 4083 implerent,
349 4021 442 4082 quam
467 3989 601 4062 mentem
622 4021 708 4062 suam
730 4003 762 4064 in
793 4003 884 4064 rebus
912 4002 1092 4086 indagandis
1118 4001 1248 4067 immet·-
