2675 4534
594 255 861 330 ..op-.-¹

255 463 293 530 ln
311 465 370 530 hae
389 465 558 550 nn'gravi
577 467 702 530 testium
725 464 928 551 discrepantia
946 468 1096 550 'primum
1125 467 1191 540 hoe
1207 489 1284 532 mo«

172 584 314 648 nendum*
328 583 467 664 videtur,
491 582 569 646 duos
584 585 912 667 mmmmm-pro
930 605 997 646 uno
1013 583 1179 648 habendos
1199 609 1281 648 esset

170 700 254 762 llam
272 699 498 780 Quinctilianus
520 712 583 762 tam
607 712 711 784 aperte
729 701 763 762 ln.
778 700 801 762 Ι.
826 703 967 786 Dionysii
992 703 1089 765 verbe
1109 705 1281 785 exprimit,

173 827 210 878 ut
229 825 296 878 non'
314 813 561 880 dunnenheim
584 819 796 880 iuomritttem
815 839 887 880 eum
908 818 943 880 ln.
965 818 989 881 l.
1012 830 1190 913 sequutum
1215 843 1283 882 esse

173 946 273 1016 neque
294 931 358 996 ulla
379 939 504 1018 propria
524 935 616 997 huius
635 937 681 998 rei
700 937 931 1020 investigatione
948 938 1018 998 niti.
1063 937 1127 1000 Sed
1150 959 1286 1020 quorm-

174 1047 215 1112 do
235 1051 400 1134 Dionysius
419 1051 459 1114 ad
475 1050 559 1112 illam
580 1053 757 1135 opinionem
782 1053 932 1115 adductus
953 1064 1019 1132 est,
1047 1076 1129 1136 quae
1153 1053 1282 1116 Aristo-

174 1166 244 1230 telis
267 1168 449 1232 testimoniis
475 1167 587 1230 diserte
614 1168 816 1252 obloquitur?
857 1162 946 1231 Hane
971 1172 1187 1254 qrnestionem
1216 1194 1280 1232 non

177 1283 265 1346 aliter
280 1285 364 1348 solvi
387 1304 475 1368 posse
496 1287 657 1367 existimo,
685 1307 780 1369 quam
802 1287 828 1348 si
848 1287 1032 1370 Dionysium
1055 1285 1150 1348 illum
1171 1289 1280 1350 Poen-

87 1389 91 1396 ’
176 1421 231 1463 eae
244 1400 348 1464 locum
366 1411 420 1463 ant
439 1403 592 1484 ignorasse
613 1409 666 1462 eut
682 1401 846 1485 neglexisse
860 1413 1050 1481 statuamus,
1072 1403 1278 1488 quodquam-

176 1539 269 1602 quam
290 1519 403 1583 mirum
421 1538 486 1579 esse
506 1517 650 1598 videtur,
671 1528 774 1580 tamen
789 1539 853 1591 non
873 1517 1052 1580 incredibile
1064 1530 1124 1582 est.
1172 1521 1272 1582 Omni·

132 1646 137 1653 '
176 1656 218 1697 no
236 1638 326 1696 enim
339 1634 391 1696 hic
412 1633 498 1696 locus
520 1635 563 1696 ita
582 1647 776 1718 comparatus
791 1647 857 1717 est,
877 1647 915 1698 ut
934 1636 992 1698 nisi
1013 1635 1196 1720 diligentins
1207 1661 1262 1720 per

176 1753 367 1846 pendatur„
385 1751 478 1814 aliern
497 1755 599 1837 potius
625 1754 749 1838 linguae
770 1753 951 1816 divisionem
970 1756 1120 1838 quamin
1138 1756 1264 1839 proprias

176 1865 324 1932 orationis
341 1881 460 1954 ‚partes
493 1871 650 1933 continere
681 1870 841 1932 videatur-2
873 1873 946 1953 quia
975 1892 1056 1954 quae
1084 1871 1184 1956 vulgo
1217 1871 1272 1933 alio

168 1981 391 2070 'grammaticae
410 1985 486 2049 loeo
511 1981 704 2068 metiantur,
736 1975 819 2066 arete
846 1987 881 2048 ln.
906 1987 929 2048 l.
951 2009 1023 2050 eum
1048 1989 1086 2051 iis
1111 1991 1273 2052 coniuncta

160 2115 269 2197 *stmt3
290 2102 411 2181 littera,
433 2103 570 2188 syllaba,
593 2126 682 2166 casus
702 2116 734 2166 et
750 2105 928 2188 propositio.
959 2104 1124 2168 Praeterea
1135 2106 1273 2169 libellum
1313 2104 1316 2212 Ι

177 2221 277 2306 ipsum
302 2221 340 2282 de
354 2222 496 2298 Pontica,
532 2244 625 2307 quem
652 2243 710 2284 nos
728 2221 769 2296 ab
797 2220 964 2284 Aristotele
989 2221 1160 2306 proiectum
1189 2245 1274 2297 esse,

177 2331 361 2432 quanquam
377 2339 422 2400 illi
449 2341 575 2404 fortasse
604 2340 762 2402 elaborare
783 2361 856 2401 eum
885 2350 917 2401 et
939 2340 1091 2423 perpolite
1114 2361 1179 2401 non
1208 2362 1274 2401 am·

178 2458 259 2542 plius
281 2457 464 2541 eontigerit,
498 2458 623 2518 minime
642 2456 836 2531 dubitamus,
868 2467 994 2540 propter
1011 2456 1227 2517 inconcinnam
1247 2467 1276 2516 et
1313 2484 1315 2547 ᾗ

179 2575 335 2637 turbatam
354 2568 427 2636 'eius
452 2551 582 2636 sormam
608 2571 648 2636 ab
677 2575 858 2656 antiquitate
882 2571 985 2632 minus
1016 2570 1187 2647 lectitamm
1214 2593 1276 2633 esse

179 2715 244 2756 non
263 2695 435 2772 immerito,
465 2692 598 2774 opinor,
622 2691 823 2773 suspicamur.
866 2689 948 2750 Hinc
969 2687 1074 2771 aliqua
1093 2687 1204 2750 saltem
1225 2710 1273 2749 ra-

154 2853 157 2865 .
181 2813 265 2874 tione
293 2809 370 2873 illud
400 2807 599 2891 intelligitur,
634 2807 835 2890 quodetiam
857 2804 1062 2884 Ammonius,
1093 2806 1183 2866 euius
1212 2823 1274 2886 pro
1312 2790 1313 2817 l

105 2971 141 2988 ,.
190 2931 293 3013 prtum
328 2913 402 2990 erat
428 2924 563 2988 officium
596 2925 878 2986 neomeniam
907 2922 947 2982 aa
975 2922 1089 2984 mmm
1125 2921 1271 2982 asinar-

130 3113 135 3122 ,
182 3047 352 3132 pretatione
378 3041 552 3107 Aristotelis
576 3041 615 3103 de
637 3041 805 3103 verborum
833 3040 981 3104 divisione
989 3035 1275 3114 sententiasxeolli·

183 3172 304 3247 gereet
321 3159 516 3243 comparare,
546 3157 695 3242 insignem
715 3166 855 3250 nostmm
872 3154 1134 3218 Politieae'locum
1155 3171 1274 3236 prorsus

183 3291 247 3343 non'
265 3278 404 3361 respexit.
478 3323 481 3330 .
852 3325 856 3336 ,
1095 3323 1099 3330 ,

267 3393 329 3458 Sed
347 3403 441 3456 restat
460 3415 627 3478 quaerere,
649 3392 796 3476 quidnam
816 3403 936 3454 secums
955 3390 1123 3473 Dionysius
1145 3378 1272 3470 tripaiti·

184 3524 249 3576 tem
270 3510 451 3574 divisionem
476 3506 687 3572 A‘ristoteliet
702 3507 871 3570 Theodecti
890 3506 1053 3584 tribuerit,
1087 3504 1174 3566 euius
1194 3499 1271 3565 nulla

185 3627 268 3712 apud
294 3623 492 3690 Aristotelem
521 3627 648 3708 vestigia
675 3623 857 3706 reperimus.
899 3621 981 3684 Nihil
1002 3601 1197 3683 'verisimilius
1212 3635 1269 3678 esse

186 3743 325 3821 videtur,
338 3761 458 3827 ³‚quam
477 3739 557 3820 hane
580 3710 763 3804 'iheodectis
785 3739 877 3800 fuisse
894 3739 1082 3812 rationem,¹
1097 3727 1268 3798 euiis'llio

82 3863 89 3875 “
186 3862 290 3944 nysius
315 3861 405 3945 saepe
430 3858 615 3928 mentionem
642 3857 724 3920 facit.
769 3855 846 3920 Erat
873 3853 926 3918 ille
947 3853 1202 3921 Aristotelisiere
1225 3871 1268 3912 ae-

187 3975 306 4060 qualis,
327 3985 358 4040 et
380 3987 500 4064 praeter
521 3972 723 4053 rhetoricam,
745 3974 796 4040 eui
819 3968 1266 4064 plmimumfoperaenavabat,
